@misc{dao2022flashattention,
      title={FlashAttention: Fast and Memory-Efficient Exact Attention with IO-Awareness}, 
      author={Tri Dao and Daniel Y. Fu and Stefano Ermon and Atri Rudra and Christopher Ré},
      year={2022},
      eprint={2205.14135},
      archivePrefix={arXiv},
      primaryClass={cs.LG}
}

@misc{hu2021lora,
      title={LoRA: Low-Rank Adaptation of Large Language Models}, 
      author={Edward J. Hu and Yelong Shen and Phillip Wallis and Zeyuan Allen-Zhu and Yuanzhi Li and Shean Wang and Lu Wang and Weizhu Chen},
      year={2021},
      eprint={2106.09685},
      archivePrefix={arXiv},
      primaryClass={cs.CL}
}

@misc{zhao2023survey,
      title={A Survey of Large Language Models}, 
      author={Wayne Xin Zhao and Kun Zhou and Junyi Li and Tianyi Tang and Xiaolei Wang and Yupeng Hou and Yingqian Min and Beichen Zhang and Junjie Zhang and Zican Dong and Yifan Du and Chen Yang and Yushuo Chen and Zhipeng Chen and Jinhao Jiang and Ruiyang Ren and Yifan Li and Xinyu Tang and Zikang Liu and Peiyu Liu and Jian-Yun Nie and Ji-Rong Wen},
      year={2023},
      eprint={2303.18223},
      archivePrefix={arXiv},
      primaryClass={cs.CL}
}

@misc{touvron2023llama,
      title={LLaMA: Open and Efficient Foundation Language Models}, 
      author={Hugo Touvron and Thibaut Lavril and Gautier Izacard and Xavier Martinet and Marie-Anne Lachaux and Timothée Lacroix and Baptiste Rozière and Naman Goyal and Eric Hambro and Faisal Azhar and Aurelien Rodriguez and Armand Joulin and Edouard Grave and Guillaume Lample},
      year={2023},
      eprint={2302.13971},
      archivePrefix={arXiv},
      primaryClass={cs.CL}
}

@misc{touvron2023llama2,
      title={Llama 2: Open Foundation and Fine-Tuned Chat Models}, 
      author={Hugo Touvron and Louis Martin and Kevin Stone and Peter Albert and Amjad Almahairi and Yasmine Babaei and Nikolay Bashlykov and Soumya Batra and Prajjwal Bhargava and Shruti Bhosale and Dan Bikel and Lukas Blecher and Cristian Canton Ferrer and Moya Chen and Guillem Cucurull and David Esiobu and Jude Fernandes and Jeremy Fu and Wenyin Fu and Brian Fuller and Cynthia Gao and Vedanuj Goswami and Naman Goyal and Anthony Hartshorn and Saghar Hosseini and Rui Hou and Hakan Inan and Marcin Kardas and Viktor Kerkez and Madian Khabsa and Isabel Kloumann and Artem Korenev and Punit Singh Koura and Marie-Anne Lachaux and Thibaut Lavril and Jenya Lee and Diana Liskovich and Yinghai Lu and Yuning Mao and Xavier Martinet and Todor Mihaylov and Pushkar Mishra and Igor Molybog and Yixin Nie and Andrew Poulton and Jeremy Reizenstein and Rashi Rungta and Kalyan Saladi and Alan Schelten and Ruan Silva and Eric Michael Smith and Ranjan Subramanian and Xiaoqing Ellen Tan and Binh Tang and Ross Taylor and Adina Williams and Jian Xiang Kuan and Puxin Xu and Zheng Yan and Iliyan Zarov and Yuchen Zhang and Angela Fan and Melanie Kambadur and Sharan Narang and Aurelien Rodriguez and Robert Stojnic and Sergey Edunov and Thomas Scialom},
      year={2023},
      eprint={2307.09288},
      archivePrefix={arXiv},
      primaryClass={cs.CL}
}

@misc{micikevicius2018mixed,
      title={Mixed Precision Training}, 
      author={Paulius Micikevicius and Sharan Narang and Jonah Alben and Gregory Diamos and Erich Elsen and David Garcia and Boris Ginsburg and Michael Houston and Oleksii Kuchaiev and Ganesh Venkatesh and Hao Wu},
      year={2018},
      eprint={1710.03740},
      archivePrefix={arXiv},
      primaryClass={cs.AI}
}

@misc{generate,
      title = {How to generate text: using different decoding methods for language generation with Transformers},
      url = {https://huggingface.co/blog/how-to-generate},
}

@misc{alpaca,
      title = {Huggingface datasets tatsu-lab/alpaca},
      url = {https://huggingface.co/datasets/tatsu-lab/alpaca},
}

@misc{checkpointing,
      title = {Fitting larger networks into memory},
      url = {https://medium.com/tensorflow/fitting-larger-networks-into-memory-583e3c758ff9},
}

@misc{perplexity,
      title = {Perplexity of fixed-length models},
      url = {https://huggingface.co/docs/transformers/perplexity},
}

@misc{amp_recipe,
      title = {Automatic Mixed Precision},
      url = {https://pytorch.org/tutorials/recipes/recipes/amp_recipe.html},
}

@misc{amp_examples,
      title = {Automatic Mixed Precision Examples},
      url = {https://pytorch.org/docs/stable/notes/amp_examples.html},
}




